% ------------------------------------------------------------------------
% BIBLIOGRAFIA
% ------------------------------------------------------------------------

@BOOK{legierski,
  AUTHOR =       {Tadeusz Legierski AND Janusz Wyrwał AND Jerzy Kasprzyk AND Janusz Hajda},
  TITLE =        {Programowanie Sterowników PLC},
  PUBLISHER =    {Wydawnictwo Pracowni Komputerowej Jacka Skalmierskiego},
  LOCATION = 	 {Gliwice},
  YEAR =         {1998},
}

@online{www99,
  TITLE =        {Strona internetowa firmy SELS},
  URL =    		 {http://www.sels.com.pl/index.php?cPath=1},
  URLDATE =		 {2012-10-29}
}

@online{www1,
  TITLE =        {Strona internetowa firmy Microsoft},
  URL =    		 {https://docs.microsoft.com/pl-pl/xamarin/essentials/?context=xamarin/xamarin-forms},
  URLDATE =		 {2021-11-6}
}